[gd_scene load_steps=6 format=2]

[ext_resource path="res://tests/Nico/ui/menu/fonts/big_font.tres" type="DynamicFont" id=1]
[ext_resource path="res://src/menus/SettingsMenu.gd" type="Script" id=2]
[ext_resource path="res://assets/buttons/back_button.tscn" type="PackedScene" id=3]
[ext_resource path="res://src/menus/GameMenu.tscn" type="PackedScene" id=4]



[sub_resource type="StyleBoxEmpty" id=1]

[node name="MainMenu" type="Control"]
anchor_right = 1.0
anchor_bottom = 1.0
script = ExtResource( 2 )
__meta__ = {
"_edit_use_anchors_": false
}

[node name="ColorRect" type="ColorRect" parent="."]
anchor_right = 1.0
anchor_bottom = 1.0
color = Color( 0.705882, 0.878431, 0.854902, 1 )
__meta__ = {
"_edit_use_anchors_": false
}

[node name="MarginContainer" type="MarginContainer" parent="."]
anchor_right = 1.0
anchor_bottom = 1.0
custom_constants/margin_right = 32
custom_constants/margin_top = 32
custom_constants/margin_left = 32
custom_constants/margin_bottom = 32
__meta__ = {
"_edit_use_anchors_": false
}

[node name="VBoxContainer" type="VBoxContainer" parent="MarginContainer"]
margin_left = 32.0
margin_top = 32.0
margin_right = 992.0
margin_bottom = 568.0
__meta__ = {
"_edit_use_anchors_": false
}

[node name="ColorRect" type="ColorRect" parent="MarginContainer/VBoxContainer"]
margin_right = 960.0
margin_bottom = 85.0
rect_min_size = Vector2( 0, 85 )
size_flags_horizontal = 3
color = Color( 0.956863, 0.643137, 0.305882, 1 )

[node name="Label" type="Label" parent="MarginContainer/VBoxContainer/ColorRect"]
anchor_right = 1.0
anchor_bottom = 1.0
size_flags_horizontal = 3
size_flags_vertical = 6
custom_fonts/font = ExtResource( 1 )
custom_colors/font_color = Color( 1, 1, 1, 1 )
custom_colors/font_color_shadow = Color( 0.266667, 0.266667, 0.266667, 1 )
custom_constants/shadow_offset_x = 2
custom_constants/shadow_offset_y = 5
text = "PLAY"
align = 1
__meta__ = {
"_edit_use_anchors_": false
}

[node name="Control" type="PanelContainer" parent="MarginContainer/VBoxContainer"]
margin_top = 89.0
margin_right = 960.0
margin_bottom = 447.0
rect_pivot_offset = Vector2( -837.08, -236.727 )
size_flags_horizontal = 3
size_flags_vertical = 3
custom_styles/panel = SubResource( 1 )

[node name="MainMenu" parent="MarginContainer/VBoxContainer/Control" instance=ExtResource( 4 )]
anchor_right = 0.0
anchor_bottom = 0.0
margin_right = 960.0
margin_bottom = 358.0
size_flags_horizontal = 1
size_flags_vertical = 1

[node name="CenterContainer" type="CenterContainer" parent="MarginContainer/VBoxContainer"]
margin_top = 451.0
margin_right = 960.0
margin_bottom = 536.0
__meta__ = {
"_edit_use_anchors_": false
}

[node name="back_button" parent="MarginContainer/VBoxContainer/CenterContainer" instance=ExtResource( 3 )]
anchor_left = 0.0
anchor_top = 0.0
anchor_right = 0.0
anchor_bottom = 0.0
margin_left = 363.0
margin_top = 0.0
margin_right = 597.0
margin_bottom = 85.0
[connection signal="pressed" from="MarginContainer/VBoxContainer/CenterContainer/back_button" to="." method="_on_back_button_pressed"]
