[gd_scene load_steps=4 format=2]

[ext_resource path="res://assets/default_theme.tres" type="Theme" id=1]
[ext_resource path="res://assets/main_button/new/Button_normal.png" type="Texture" id=2]
[ext_resource path="res://src/menus/CreateOrJoin.gd" type="Script" id=3]

[node name="CreateOrJoin" type="Control"]
anchor_right = 1.0
anchor_bottom = 1.0
margin_right = -0.000183105
theme = ExtResource( 1 )
script = ExtResource( 3 )
__meta__ = {
"_edit_use_anchors_": false
}

[node name="ChooseYourCharacter" type="NinePatchRect" parent="."]
anchor_left = 0.5
anchor_top = 0.5
anchor_right = 0.5
anchor_bottom = 0.5
margin_left = -227.0
margin_top = -139.0
margin_right = 227.0
margin_bottom = 139.0
size_flags_vertical = 3
texture = ExtResource( 2 )
patch_margin_left = 55
patch_margin_top = 57
patch_margin_right = 67
patch_margin_bottom = 55
__meta__ = {
"_edit_use_anchors_": false
}

[node name="MarginContainer" type="MarginContainer" parent="ChooseYourCharacter"]
anchor_right = 1.0
anchor_bottom = 1.0
custom_constants/margin_right = 25
custom_constants/margin_top = 35
custom_constants/margin_left = 25
custom_constants/margin_bottom = 35
__meta__ = {
"_edit_use_anchors_": false
}

[node name="VBoxContainer2" type="VBoxContainer" parent="ChooseYourCharacter/MarginContainer"]
margin_left = 25.0
margin_top = 35.0
margin_right = 428.0
margin_bottom = 243.0

[node name="VBoxContainer" type="VBoxContainer" parent="ChooseYourCharacter/MarginContainer/VBoxContainer2"]
margin_right = 403.0
margin_bottom = 144.0
size_flags_vertical = 3
__meta__ = {
"_edit_use_anchors_": false
}

[node name="Label" type="Label" parent="ChooseYourCharacter/MarginContainer/VBoxContainer2/VBoxContainer"]
margin_right = 403.0
margin_bottom = 40.0
text = "Choose your character"
align = 1
valign = 1
__meta__ = {
"_edit_use_anchors_": false
}

[node name="CharacterOption" type="OptionButton" parent="ChooseYourCharacter/MarginContainer/VBoxContainer2/VBoxContainer"]
margin_top = 44.0
margin_right = 403.0
margin_bottom = 104.0

[node name="HBoxContainer" type="HBoxContainer" parent="ChooseYourCharacter/MarginContainer/VBoxContainer2"]
margin_top = 148.0
margin_right = 403.0
margin_bottom = 208.0

[node name="JoinGameButton" type="Button" parent="ChooseYourCharacter/MarginContainer/VBoxContainer2/HBoxContainer"]
margin_right = 169.0
margin_bottom = 60.0
text = "Join game"

[node name="Control" type="Control" parent="ChooseYourCharacter/MarginContainer/VBoxContainer2/HBoxContainer"]
margin_left = 173.0
margin_right = 196.0
margin_bottom = 60.0
size_flags_horizontal = 3
size_flags_stretch_ratio = 2.0

[node name="CreateGameButton" type="Button" parent="ChooseYourCharacter/MarginContainer/VBoxContainer2/HBoxContainer"]
margin_left = 200.0
margin_right = 403.0
margin_bottom = 60.0
text = "Create game"

[node name="BackButton" type="Button" parent="."]
anchor_left = 0.5
anchor_top = 1.0
anchor_right = 0.5
anchor_bottom = 1.0
margin_left = -51.9999
margin_top = -110.0
margin_right = 52.0001
margin_bottom = -50.0
text = "Back"
__meta__ = {
"_edit_use_anchors_": false
}
[connection signal="visibility_changed" from="." to="." method="_on_CreateOrJoin_visibility_changed"]
[connection signal="item_selected" from="ChooseYourCharacter/MarginContainer/VBoxContainer2/VBoxContainer/CharacterOption" to="." method="_on_CharacterOption_item_selected"]
[connection signal="pressed" from="ChooseYourCharacter/MarginContainer/VBoxContainer2/HBoxContainer/JoinGameButton" to="." method="_on_JoinGameButton_pressed"]
[connection signal="pressed" from="ChooseYourCharacter/MarginContainer/VBoxContainer2/HBoxContainer/CreateGameButton" to="." method="_on_CreateGameButton_pressed"]
[connection signal="pressed" from="BackButton" to="." method="_on_BackButton_pressed"]
