[gd_scene load_steps=4 format=2]

[ext_resource path="res://assets/default_theme.tres" type="Theme" id=1]
[ext_resource path="res://assets/main_button/new/Button_normal.png" type="Texture" id=2]
[ext_resource path="res://src/menus/PlayerName.gd" type="Script" id=3]

[node name="PlayerNameContainer" type="Control"]
anchor_right = 1.0
anchor_bottom = 1.0
theme = ExtResource( 1 )
script = ExtResource( 3 )
__meta__ = {
"_edit_use_anchors_": false
}

[node name="Panel" type="NinePatchRect" parent="."]
anchor_left = 0.5
anchor_top = 0.5
anchor_right = 0.5
anchor_bottom = 0.5
margin_left = -236.5
margin_top = -131.5
margin_right = 236.5
margin_bottom = 131.5
texture = ExtResource( 2 )
patch_margin_left = 55
patch_margin_top = 57
patch_margin_right = 67
patch_margin_bottom = 55

[node name="VBoxContainer" type="VBoxContainer" parent="Panel"]
anchor_left = 0.5
anchor_top = 0.5
anchor_right = 0.5
anchor_bottom = 0.5
margin_left = -169.0
margin_top = -81.0
margin_right = 169.0
margin_bottom = 81.0
custom_constants/separation = 19
__meta__ = {
"_edit_use_anchors_": false
}

[node name="HeyLabel" type="Label" parent="Panel/VBoxContainer"]
margin_right = 338.0
margin_bottom = 40.0
text = "Hey you !"
align = 1
valign = 1
autowrap = true

[node name="MsgLabel" type="Label" parent="Panel/VBoxContainer"]
margin_top = 59.0
margin_right = 338.0
margin_bottom = 99.0
text = "What's your name ?"
align = 1
valign = 1
autowrap = true

[node name="HBoxContainer" type="HBoxContainer" parent="Panel/VBoxContainer"]
margin_top = 118.0
margin_right = 338.0
margin_bottom = 178.0

[node name="LineEdit" type="LineEdit" parent="Panel/VBoxContainer/HBoxContainer"]
margin_right = 259.0
margin_bottom = 60.0
size_flags_horizontal = 3

[node name="OkNameButton" type="Button" parent="Panel/VBoxContainer/HBoxContainer"]
margin_left = 263.0
margin_right = 338.0
margin_bottom = 60.0
text = "Ok"
[connection signal="pressed" from="Panel/VBoxContainer/HBoxContainer/OkNameButton" to="." method="_on_OkNameButton_pressed"]
