[gd_scene load_steps=22 format=2]

[ext_resource path="res://assets/default_theme.tres" type="Theme" id=1]
[ext_resource path="res://src/menus/Slide.tscn" type="PackedScene" id=2]
[ext_resource path="res://src/menus/Tutorial.gd" type="Script" id=3]
[ext_resource path="res://assets/img_tuto/count_down.png" type="Texture" id=4]
[ext_resource path="res://assets/img_tuto/product_normal.png" type="Texture" id=5]
[ext_resource path="res://assets/img_tuto/take_shopping_cart.png" type="Texture" id=6]
[ext_resource path="res://assets/img_tuto/choose_shopping_cart.png" type="Texture" id=7]
[ext_resource path="res://assets/img_tuto/characters.png" type="Texture" id=8]
[ext_resource path="res://assets/img_tuto/remaining_time.png" type="Texture" id=9]
[ext_resource path="res://assets/img_tuto/buy_product.png" type="Texture" id=10]
[ext_resource path="res://assets/img_tuto/product_rupture.png" type="Texture" id=11]
[ext_resource path="res://assets/img_tuto/list_without_product.png" type="Texture" id=12]
[ext_resource path="res://assets/img_tuto/barrier_closed.png" type="Texture" id=13]
[ext_resource path="res://assets/img_tuto/take_product.png" type="Texture" id=14]
[ext_resource path="res://assets/img_tuto/get_out.png" type="Texture" id=15]
[ext_resource path="res://assets/img_tuto/deposit_product.png" type="Texture" id=16]
[ext_resource path="res://assets/img_tuto/product_promo.png" type="Texture" id=17]
[ext_resource path="res://assets/img_tuto/dirty_poduct.png" type="Texture" id=18]
[ext_resource path="res://assets/img_tuto/launch_product.png" type="Texture" id=19]
[ext_resource path="res://assets/img_tuto/infected_product.png" type="Texture" id=20]
[ext_resource path="res://assets/img_tuto/strike.png" type="Texture" id=21]

[node name="Tutorial" type="Control"]
anchor_left = 0.5
anchor_top = 0.5
anchor_right = 0.5
anchor_bottom = 0.5
margin_left = -468.5
margin_top = -249.0
margin_right = 468.5
margin_bottom = 249.0
theme = ExtResource( 1 )
script = ExtResource( 3 )
__meta__ = {
"_edit_use_anchors_": false
}

[node name="Slide1" parent="." instance=ExtResource( 2 )]
text = "Welcome on CoroMarket ! Since this is the first time you play, let us introduce you to the basics of the game. In Coromarket you will play as a consumer who will do his best to buy as much products as possible."

[node name="RichTextLabel" parent="Slide1" index="1"]
bbcode_text = "Welcome on CoroMarket ! Since this is the first time you play, let us introduce you to the basics of the game. In Coromarket you will play as a consumer who will do his best to buy as much products as possible."
text = "Welcome on CoroMarket ! Since this is the first time you play, let us introduce you to the basics of the game. In Coromarket you will play as a consumer who will do his best to buy as much products as possible."

[node name="TextureRect1" parent="Slide1/HBoxContainer" index="0"]
margin_right = 936.0
margin_bottom = 215.0

[node name="PreviousButton" parent="Slide1/HBoxContainer2" index="0"]
visible = false

[node name="Control" parent="Slide1/HBoxContainer2" index="1"]
margin_left = 0.0

[node name="Slide2" parent="." instance=ExtResource( 2 )]
visible = false
texture_1 = ExtResource( 8 )
text = "You can pick your character between Doc, Karl, Punky and Gangsta !"

[node name="Slide4" parent="." instance=ExtResource( 2 )]
visible = false
texture_1 = ExtResource( 4 )
text = "Create a game or just join one. When the game starts, all the players have to wait for the initial count down."

[node name="RichTextLabel" parent="Slide4" index="1"]
bbcode_text = "Create a game or just join one. When the game starts, all the players have to wait for the initial count down."
text = "Create a game or just join one. When the game starts, all the players have to wait for the initial count down."

[node name="HBoxContainer" parent="Slide4" index="2"]
margin_left = -470.5
margin_top = -341.0
margin_right = 465.5

[node name="TextureRect1" parent="Slide4/HBoxContainer" index="0"]
visible = true
margin_right = 936.0
margin_bottom = 247.0
texture = ExtResource( 4 )

[node name="Slide9" parent="." instance=ExtResource( 2 )]
visible = false
texture_1 = ExtResource( 12 )
text = "If look look in the screen corners, you will see that you have been given a shopping list. Try to buy those products first !"

[node name="Slide" parent="." instance=ExtResource( 2 )]
visible = false
texture_1 = ExtResource( 7 )
texture_2 = ExtResource( 6 )
text = "To begin your shopping, you will have to choose your Shopping Cart ! Then take it with the SPACE BAR (or A on your controller)."

[node name="RichTextLabel" parent="Slide" index="1"]
bbcode_text = "To begin your shopping, you will have to choose your Shopping Cart ! Then take it with the SPACE BAR (or A on your controller)."
text = "To begin your shopping, you will have to choose your Shopping Cart ! Then take it with the SPACE BAR (or A on your controller)."

[node name="HBoxContainer" parent="Slide" index="2"]
margin_left = -470.5
margin_top = -326.0
margin_right = 465.5

[node name="TextureRect1" parent="Slide/HBoxContainer" index="0"]
visible = true
margin_right = 466.0
margin_bottom = 232.0
texture = ExtResource( 7 )

[node name="TextureRect2" parent="Slide/HBoxContainer" index="1"]
visible = true
margin_left = 470.0
margin_right = 936.0
margin_bottom = 232.0
texture = ExtResource( 6 )

[node name="Slide5" parent="." instance=ExtResource( 2 )]
visible = false
texture_1 = ExtResource( 6 )
texture_2 = ExtResource( 7 )
text = "You can let  your Shopping Sart go any time you want by pressing the space bar again (OR A)."

[node name="RichTextLabel" parent="Slide5" index="1"]
bbcode_text = "You can let  your Shopping Sart go any time you want by pressing the space bar again (OR A)."
text = "You can let  your Shopping Sart go any time you want by pressing the space bar again (OR A)."

[node name="HBoxContainer" parent="Slide5" index="2"]
margin_left = -470.5
margin_top = -348.0
margin_right = 465.5

[node name="TextureRect1" parent="Slide5/HBoxContainer" index="0"]
visible = true
margin_right = 466.0
margin_bottom = 254.0
texture = ExtResource( 6 )

[node name="TextureRect2" parent="Slide5/HBoxContainer" index="1"]
visible = true
margin_left = 470.0
margin_right = 936.0
margin_bottom = 254.0
texture = ExtResource( 7 )

[node name="Slide6" parent="." instance=ExtResource( 2 )]
visible = false
texture_1 = ExtResource( 5 )
text = "Next, it will be time to buy some products ! Products appear randomly on stands. "

[node name="RichTextLabel" parent="Slide6" index="1"]
bbcode_text = "Next, it will be time to buy some products ! Products appear randomly on stands. "
text = "Next, it will be time to buy some products ! Products appear randomly on stands. "

[node name="HBoxContainer" parent="Slide6" index="2"]
margin_left = -470.5
margin_top = -332.0
margin_right = 465.5

[node name="TextureRect1" parent="Slide6/HBoxContainer" index="0"]
visible = true
margin_right = 936.0
margin_bottom = 238.0
texture = ExtResource( 5 )

[node name="Slide10" parent="." instance=ExtResource( 2 )]
visible = false
texture_1 = ExtResource( 14 )
text = "When a product pops, just take it using the space bar (or A)."

[node name="RichTextLabel" parent="Slide10" index="1"]
bbcode_text = "When a product pops, just take it using the space bar (or A)."
text = "When a product pops, just take it using the space bar (or A)."

[node name="HBoxContainer" parent="Slide10" index="2"]
margin_left = -470.5
margin_top = -380.0
margin_right = 465.5

[node name="TextureRect1" parent="Slide10/HBoxContainer" index="0"]
visible = true
margin_right = 936.0
margin_bottom = 286.0
texture = ExtResource( 14 )

[node name="Slide11" parent="." instance=ExtResource( 2 )]
visible = false
texture_1 = ExtResource( 16 )
text = "Then go to your Shopping Cart and just drop the product, using (again) space bar (or A)  ! "

[node name="RichTextLabel" parent="Slide11" index="1"]
bbcode_text = "Then go to your Shopping Cart and just drop the product, using (again) space bar (or A)  ! "
text = "Then go to your Shopping Cart and just drop the product, using (again) space bar (or A)  ! "

[node name="HBoxContainer" parent="Slide11" index="2"]
margin_left = -470.5
margin_top = -325.0
margin_right = 465.5

[node name="TextureRect1" parent="Slide11/HBoxContainer" index="0"]
visible = true
margin_right = 936.0
margin_bottom = 231.0
texture = ExtResource( 16 )

[node name="Slide7" parent="." instance=ExtResource( 2 )]
visible = false
texture_1 = ExtResource( 17 )
texture_2 = ExtResource( 11 )
text = "There are many types of products ! Buying sold out or out of stock products will give you more points !"

[node name="Slide3" parent="." instance=ExtResource( 2 )]
visible = false
texture_1 = ExtResource( 18 )
text = "When they pop, product are new and shiny. Don't let them fall if you don't want them to get dirty !"

[node name="Slide13" parent="." instance=ExtResource( 2 )]
visible = false
texture_1 = ExtResource( 20 )
text = "Be carefull, a faithfullness virus rose up some months ago. We have been told that some products have been infected. Don't pick those !"

[node name="RichTextLabel" parent="Slide13" index="1"]
bbcode_text = "Be carefull, a faithfullness virus rose up some months ago. We have been told that some products have been infected. Don't pick those !"
text = "Be carefull, a faithfullness virus rose up some months ago. We have been told that some products have been infected. Don't pick those !"

[node name="HBoxContainer" parent="Slide13" index="2"]
margin_left = -470.5
margin_top = -302.0
margin_right = 465.5

[node name="TextureRect1" parent="Slide13/HBoxContainer" index="0"]
visible = true
margin_right = 936.0
margin_bottom = 208.0
texture = ExtResource( 20 )

[node name="Slide8" parent="." instance=ExtResource( 2 )]
visible = false
texture_1 = ExtResource( 9 )
text = "Try to buy as much products as possible before the end of the timer!"

[node name="Slide12" parent="." instance=ExtResource( 2 )]
visible = false
texture_1 = ExtResource( 13 )
texture_2 = ExtResource( 10 )
text = "Well, at the beginning, barriers are closed, so you can't really buy products :( 
But after a while, barriers open. This is checkout time ! Mash the space bar (or A) to place your products !"

[node name="RichTextLabel" parent="Slide12" index="1"]
bbcode_text = "Well, at the beginning, barriers are closed, so you can't really buy products :( 
But after a while, barriers open. This is checkout time ! Mash the space bar (or A) to place your products !"
text = "Well, at the beginning, barriers are closed, so you can't really buy products :( 
But after a while, barriers open. This is checkout time ! Mash the space bar (or A) to place your products !"

[node name="HBoxContainer" parent="Slide12" index="2"]
margin_left = -470.5
margin_top = -278.0
margin_right = 465.5

[node name="TextureRect1" parent="Slide12/HBoxContainer" index="0"]
visible = true
margin_right = 466.0
margin_bottom = 184.0
texture = ExtResource( 13 )

[node name="TextureRect2" parent="Slide12/HBoxContainer" index="1"]
visible = true
margin_left = 470.0
margin_right = 936.0
margin_bottom = 184.0
texture = ExtResource( 10 )

[node name="Slide14" parent="." instance=ExtResource( 2 )]
visible = false
texture_1 = ExtResource( 15 )
text = "When all products are bought, just join the exit door and get out !"

[node name="RichTextLabel" parent="Slide14" index="1"]
bbcode_text = "When all products are bought, just join the exit door and get out !"
text = "When all products are bought, just join the exit door and get out !"

[node name="HBoxContainer" parent="Slide14" index="2"]
margin_left = -470.5
margin_top = -344.0
margin_right = 465.5

[node name="TextureRect1" parent="Slide14/HBoxContainer" index="0"]
visible = true
margin_right = 936.0
margin_bottom = 250.0
texture = ExtResource( 15 )

[node name="Slide15" parent="." instance=ExtResource( 2 )]
visible = false
texture_1 = ExtResource( 21 )
texture_2 = ExtResource( 19 )
text = "Unfortunately, this is a wild world, and people are ready to fight to get what they want. Make sure you can fight back by pressing the maj key (or B on your controller). You can also launch objects  by holding the space bar (or A)."

[node name="RichTextLabel" parent="Slide15" index="1"]
bbcode_text = "Unfortunately, this is a wild world, and people are ready to fight to get what they want. Make sure you can fight back by pressing the maj key (or B on your controller). You can also launch objects  by holding the space bar (or A)."
text = "Unfortunately, this is a wild world, and people are ready to fight to get what they want. Make sure you can fight back by pressing the maj key (or B on your controller). You can also launch objects  by holding the space bar (or A)."

[node name="HBoxContainer" parent="Slide15" index="2"]
margin_left = -470.5
margin_top = -273.0
margin_right = 465.5

[node name="TextureRect1" parent="Slide15/HBoxContainer" index="0"]
visible = true
margin_right = 466.0
margin_bottom = 179.0
texture = ExtResource( 21 )

[node name="TextureRect2" parent="Slide15/HBoxContainer" index="1"]
visible = true
margin_left = 470.0
margin_right = 936.0
margin_bottom = 179.0
texture = ExtResource( 19 )

[node name="Slide16" parent="." instance=ExtResource( 2 )]
visible = false
margin_right = 0.0
patch_margin_top = 49
patch_margin_bottom = 51
text = "You are all set up! Go create a game, invite some friends, and start buying as much products as possible ! If you need some help, just consult the help section !"

[node name="RichTextLabel" parent="Slide16" index="1"]
bbcode_text = "You are all set up! Go create a game, invite some friends, and start buying as much products as possible ! If you need some help, just consult the help section !"
text = "You are all set up! Go create a game, invite some friends, and start buying as much products as possible ! If you need some help, just consult the help section !"

[node name="Control" parent="Slide16/HBoxContainer2" index="1"]
margin_right = 304.0

[node name="NextButton" parent="Slide16/HBoxContainer2" index="2"]
visible = false
margin_left = 225.0
margin_right = 386.0

[node name="FinishButton" type="Button" parent="Slide16/HBoxContainer2" index="3"]
margin_left = 308.0
margin_right = 541.0
margin_bottom = 62.0
text = "Finish Tutorial"
[connection signal="pressed" from="Slide16/HBoxContainer2/FinishButton" to="." method="_on_FinishButton_pressed"]

[editable path="Slide1"]

[editable path="Slide4"]

[editable path="Slide"]

[editable path="Slide5"]

[editable path="Slide6"]

[editable path="Slide10"]

[editable path="Slide11"]

[editable path="Slide13"]

[editable path="Slide12"]

[editable path="Slide14"]

[editable path="Slide15"]

[editable path="Slide16"]
