[gd_scene load_steps=3 format=2]

[ext_resource path="res://tests/Nico/ui/in_game/Containers/red_container/container_red.png" type="Texture" id=1]
[ext_resource path="res://tests/Nico/ui/in_game/Containers/Container_background_full.png" type="Texture" id=2]

[node name="container" type="Control"]
margin_right = 168.0
margin_bottom = 168.0
__meta__ = {
"_edit_use_anchors_": false
}

[node name="Background" type="NinePatchRect" parent="."]
anchor_right = 1.0
anchor_bottom = 1.0
margin_left = 1.0
margin_top = 1.0
margin_right = -1.0
margin_bottom = -1.0
texture = ExtResource( 2 )
__meta__ = {
"_edit_use_anchors_": false
}

[node name="Color" type="NinePatchRect" parent="."]
anchor_right = 1.0
anchor_bottom = 1.0
texture = ExtResource( 1 )
__meta__ = {
"_edit_use_anchors_": false
}

[node name="full_inventory" type="VBoxContainer" parent="."]
anchor_right = 1.0
anchor_bottom = 1.0
margin_left = 8.0
margin_top = 8.0
margin_right = -8.0
margin_bottom = -8.0
__meta__ = {
"_edit_use_anchors_": false
}

[node name="100" type="HBoxContainer" parent="full_inventory"]
margin_right = 152.0
margin_bottom = 35.0
size_flags_vertical = 3

[node name="110" type="TextureRect" parent="full_inventory/100"]
margin_right = 35.0
margin_bottom = 35.0
size_flags_horizontal = 3
expand = true
stretch_mode = 1

[node name="120" type="TextureRect" parent="full_inventory/100"]
margin_left = 39.0
margin_right = 74.0
margin_bottom = 35.0
size_flags_horizontal = 3
expand = true

[node name="130" type="TextureRect" parent="full_inventory/100"]
margin_left = 78.0
margin_right = 113.0
margin_bottom = 35.0
size_flags_horizontal = 3
expand = true

[node name="140" type="TextureRect" parent="full_inventory/100"]
margin_left = 117.0
margin_right = 152.0
margin_bottom = 35.0
size_flags_horizontal = 3
expand = true

[node name="200" type="HBoxContainer" parent="full_inventory"]
margin_top = 39.0
margin_right = 152.0
margin_bottom = 74.0
size_flags_vertical = 3

[node name="210" type="TextureRect" parent="full_inventory/200"]
margin_right = 35.0
margin_bottom = 35.0
size_flags_horizontal = 3
expand = true
stretch_mode = 1

[node name="220" type="TextureRect" parent="full_inventory/200"]
margin_left = 39.0
margin_right = 74.0
margin_bottom = 35.0
size_flags_horizontal = 3
expand = true

[node name="230" type="TextureRect" parent="full_inventory/200"]
margin_left = 78.0
margin_right = 113.0
margin_bottom = 35.0
size_flags_horizontal = 3
expand = true

[node name="240" type="TextureRect" parent="full_inventory/200"]
margin_left = 117.0
margin_right = 152.0
margin_bottom = 35.0
size_flags_horizontal = 3
expand = true

[node name="300" type="HBoxContainer" parent="full_inventory"]
margin_top = 78.0
margin_right = 152.0
margin_bottom = 113.0
size_flags_vertical = 3

[node name="310" type="TextureRect" parent="full_inventory/300"]
margin_right = 35.0
margin_bottom = 35.0
size_flags_horizontal = 3
expand = true
stretch_mode = 1

[node name="320" type="TextureRect" parent="full_inventory/300"]
margin_left = 39.0
margin_right = 74.0
margin_bottom = 35.0
size_flags_horizontal = 3
expand = true

[node name="330" type="TextureRect" parent="full_inventory/300"]
margin_left = 78.0
margin_right = 113.0
margin_bottom = 35.0
size_flags_horizontal = 3
expand = true

[node name="340" type="TextureRect" parent="full_inventory/300"]
margin_left = 117.0
margin_right = 152.0
margin_bottom = 35.0
size_flags_horizontal = 3
expand = true

[node name="400" type="HBoxContainer" parent="full_inventory"]
margin_top = 117.0
margin_right = 152.0
margin_bottom = 152.0
size_flags_vertical = 3

[node name="410" type="TextureRect" parent="full_inventory/400"]
margin_right = 35.0
margin_bottom = 35.0
size_flags_horizontal = 3
expand = true
stretch_mode = 1

[node name="420" type="TextureRect" parent="full_inventory/400"]
margin_left = 39.0
margin_right = 74.0
margin_bottom = 35.0
size_flags_horizontal = 3
expand = true

[node name="430" type="TextureRect" parent="full_inventory/400"]
margin_left = 78.0
margin_right = 113.0
margin_bottom = 35.0
size_flags_horizontal = 3
expand = true

[node name="440" type="TextureRect" parent="full_inventory/400"]
margin_left = 117.0
margin_right = 152.0
margin_bottom = 35.0
size_flags_horizontal = 3
expand = true
