[gd_scene load_steps=8 format=2]
[gd_scene load_steps=9 format=2]

[ext_resource path="res://ART/Enviro/Props/Scenes/SM_Presentoire_01_A_1.tscn" type="PackedScene" id=1]
[ext_resource path="res://ART/Archi/Scenes/SM_Floor_5x5_A_1.tscn" type="PackedScene" id=2]
[ext_resource path="res://ART/Character/Scenes/ShoppingCart_01.tscn" type="PackedScene" id=3]
[ext_resource path="res://ART/Enviro/Props/Scenes/SM_Fridge_01_A_1.tscn" type="PackedScene" id=4]
[ext_resource path="res://ART/Enviro/Props/Scenes/SM_FridgeDouble_02_A_1.tscn" type="PackedScene" id=5]
[ext_resource path="res://ART/Enviro/Props/Scenes/SM_Apple_01_A_1.tscn" type="PackedScene" id=6]
[ext_resource path="res://tests/thibault/Character.tscn" type="PackedScene" id=7]
[ext_resource path="res://ART/Enviro/Props/Scenes/SM_Apple_02_B_1.tscn" type="PackedScene" id=7]
[ext_resource path="res://ART/Enviro/Props/Scenes/SM_Apple_02_C_1.tscn" type="PackedScene" id=8]

[node name="Node" type="Spatial"]

[node name="Floor" type="Spatial" parent="."]

[node name="SM_Floor_5x5_A_1" parent="Floor" instance=ExtResource( 2 )]

[node name="SM_Floor_5x5_A_2" parent="Floor" instance=ExtResource( 2 )]
transform = Transform( 1, 0, 0, 0, 1, 0, 0, 0, 1, 0, 0, 5 )

[node name="SM_Floor_5x5_A_3" parent="Floor" instance=ExtResource( 2 )]
transform = Transform( 1, 0, 0, 0, 1, 0, 0, 0, 1, 0, 0, 10 )

[node name="SM_Floor_5x5_A_6" parent="Floor" instance=ExtResource( 2 )]
transform = Transform( 1, 0, 0, 0, 1, 0, 0, 0, 1, 5, 0, 0 )

[node name="SM_Floor_5x5_A_5" parent="Floor" instance=ExtResource( 2 )]
transform = Transform( 1, 0, 0, 0, 1, 0, 0, 0, 1, 5, 0, 5 )

[node name="SM_Floor_5x5_A_4" parent="Floor" instance=ExtResource( 2 )]
transform = Transform( 1, 0, 0, 0, 1, 0, 0, 0, 1, 5, 0, 10 )

[node name="SM_Floor_5x5_A_9" parent="Floor" instance=ExtResource( 2 )]
transform = Transform( 1, 0, 0, 0, 1, 0, 0, 0, 1, 10, 0, 0 )

[node name="SM_Floor_5x5_A_8" parent="Floor" instance=ExtResource( 2 )]
transform = Transform( 1, 0, 0, 0, 1, 0, 0, 0, 1, 10, 0, 5 )

[node name="SM_Floor_5x5_A_7" parent="Floor" instance=ExtResource( 2 )]
transform = Transform( 1, 0, 0, 0, 1, 0, 0, 0, 1, 10, 0, 10 )

[node name="Presentoires" type="Spatial" parent="."]

[node name="SM_Presentoire_01_A_1" parent="Presentoires" instance=ExtResource( 1 )]
transform = Transform( -4.37114e-08, 0, 1, 0, 1, 0, -1, 0, -4.37114e-08, 2.5, 0, 1 )

[node name="SM_Presentoire_01_A_2" parent="Presentoires" instance=ExtResource( 1 )]
transform = Transform( -4.37114e-08, 0, 1, 0, 1, 0, -1, 0, -4.37114e-08, 3.5, 0, 1 )

[node name="SM_Presentoire_01_A_3" parent="Presentoires" instance=ExtResource( 1 )]
transform = Transform( -4.37114e-08, 0, 1, 0, 1, 0, -1, 0, -4.37114e-08, 4.5, 0, 1 )

[node name="SM_Presentoire_01_A_4" parent="Presentoires" instance=ExtResource( 1 )]
transform = Transform( -4.37114e-08, 0, 1, 0, 1, 0, -1, 0, -4.37114e-08, 5.5, 0, 1 )

[node name="SM_Presentoire_01_A_5" parent="Presentoires" instance=ExtResource( 1 )]
transform = Transform( -4.37114e-08, 0, 1, 0, 1, 0, -1, 0, -4.37114e-08, 1.5, 0, 1 )

[node name="SM_Presentoire_01_A_6" parent="Presentoires" instance=ExtResource( 1 )]
transform = Transform( -4.37114e-08, 0, 1, 0, 1, 0, -1, 0, -4.37114e-08, 0.5, 0, 1 )

[node name="SM_Presentoire_01_A_12" parent="Presentoires" instance=ExtResource( 1 )]
transform = Transform( 7.54979e-08, 0, -1, 0, 1, 0, 1, 0, 7.54979e-08, 2.5, 0, 5.5 )

[node name="SM_Presentoire_01_A_11" parent="Presentoires" instance=ExtResource( 1 )]
transform = Transform( 7.54979e-08, 0, -1, 0, 1, 0, 1, 0, 7.54979e-08, 3.5, 0, 5.5 )

[node name="SM_Presentoire_01_A_10" parent="Presentoires" instance=ExtResource( 1 )]
transform = Transform( 7.54979e-08, 0, -1, 0, 1, 0, 1, 0, 7.54979e-08, 4.5, 0, 5.5 )

[node name="SM_Presentoire_01_A_9" parent="Presentoires" instance=ExtResource( 1 )]
transform = Transform( 7.54979e-08, 0, -1, 0, 1, 0, 1, 0, 7.54979e-08, 5.5, 0, 5.5 )

[node name="SM_Presentoire_01_A_8" parent="Presentoires" instance=ExtResource( 1 )]
transform = Transform( 7.54979e-08, 0, -1, 0, 1, 0, 1, 0, 7.54979e-08, 1.5, 0, 5.5 )

[node name="SM_Presentoire_01_A_7" parent="Presentoires" instance=ExtResource( 1 )]
transform = Transform( 7.54979e-08, 0, -1, 0, 1, 0, 1, 0, 7.54979e-08, 0.5, 0, 5.5 )

[node name="SM_Presentoire_01_A_16" parent="Presentoires" instance=ExtResource( 1 )]
transform = Transform( -1.62921e-07, 0, 1, 0, 1, 0, -1, 0, -1.62921e-07, 4.5, 0, 7 )

[node name="SM_Presentoire_01_A_15" parent="Presentoires" instance=ExtResource( 1 )]
transform = Transform( -1.62921e-07, 0, 1, 0, 1, 0, -1, 0, -1.62921e-07, 5.5, 0, 7 )

[node name="SM_Presentoire_01_A_14" parent="Presentoires" instance=ExtResource( 1 )]
transform = Transform( -1.62921e-07, 0, 1, 0, 1, 0, -1, 0, -1.62921e-07, 1.5, 0, 7 )

[node name="SM_Presentoire_01_A_13" parent="Presentoires" instance=ExtResource( 1 )]
transform = Transform( -1.62921e-07, 0, 1, 0, 1, 0, -1, 0, -1.62921e-07, 0.5, 0, 7 )

[node name="SM_Presentoire_01_A_18" parent="Presentoires" instance=ExtResource( 1 )]
transform = Transform( -1, 0, -1.50996e-07, 0, 1, 0, 1.50996e-07, 0, -1, 0.500001, 0, 11 )

[node name="SM_Presentoire_01_A_17" parent="Presentoires" instance=ExtResource( 1 )]
transform = Transform( -1, 0, -1.50996e-07, 0, 1, 0, 1.50996e-07, 0, -1, 0.500001, 0, 10 )

[node name="SM_Apple_01_A_1" parent="Presentoires/SM_Presentoire_01_A_17" instance=ExtResource( 6 )]
transform = Transform( 0.866025, 0.5, 0, -0.353553, 0.612372, 0.707107, 0.353553, -0.612372, 0.707107, -0.0723191, 0.839329, -0.189735 )

[node name="SM_Apple_01_A_2" parent="Presentoires/SM_Presentoire_01_A_17" instance=ExtResource( 6 )]
transform = Transform( 0.362883, -0.440676, 0.821048, 0.0303789, 0.886236, 0.462237, -0.931339, -0.142795, 0.334987, -0.422292, 0.710908, -0.198152 )

[node name="SM_Apple_01_A_3" parent="Presentoires/SM_Presentoire_01_A_17" instance=ExtResource( 6 )]
transform = Transform( 0.362883, -0.440676, 0.821048, 0.0303789, 0.886236, 0.462237, -0.931339, -0.142795, 0.334987, -0.0316978, 0.987509, 0.313128 )

[node name="SM_Fridge_01_A_1" parent="Presentoires" instance=ExtResource( 4 )]
transform = Transform( 1, 0, 1.19209e-07, 0, 1, 0, -1.19209e-07, 0, 1, 14.4982, 2.38419e-07, 3.56276 )

[node name="SM_Fridge_01_A_2" parent="Presentoires" instance=ExtResource( 4 )]
transform = Transform( 1, 0, 1.19209e-07, 0, 1, 0, -1.19209e-07, 0, 1, 14.4982, 2.38419e-07, 4.56276 )

[node name="SM_Fridge_01_A_3" parent="Presentoires" instance=ExtResource( 4 )]
transform = Transform( 1, 0, 1.19209e-07, 0, 1, 0, -1.19209e-07, 0, 1, 14.4982, 2.38419e-07, 5.56276 )

[node name="SM_Fridge_01_A_4" parent="Presentoires" instance=ExtResource( 4 )]
transform = Transform( 1, 0, 1.19209e-07, 0, 1, 0, -1.19209e-07, 0, 1, 14.4982, 2.38419e-07, 6.56276 )

[node name="SM_FridgeDouble_02_A_1" parent="Presentoires" instance=ExtResource( 5 )]
transform = Transform( 1, 0, 0, 0, 1, 0, 0, 0, 1, 9, 0, 3 )

[node name="SM_FridgeDouble_02_A_2" parent="Presentoires" instance=ExtResource( 5 )]
transform = Transform( -1, 0, -1.50996e-07, 0, 1, 0, 1.50996e-07, 0, -1, 10, 0, 3 )

[node name="SM_FridgeDouble_02_A_4" parent="Presentoires" instance=ExtResource( 5 )]
transform = Transform( 1, 0, 0, 0, 1, 0, 0, 0, 1, 9, 0, 5 )

[node name="SM_FridgeDouble_02_A_3" parent="Presentoires" instance=ExtResource( 5 )]
transform = Transform( -1, 0, -1.50996e-07, 0, 1, 0, 1.50996e-07, 0, -1, 10, 0, 5 )

[node name="SM_FridgeDouble_02_A_8" parent="Presentoires" instance=ExtResource( 5 )]
transform = Transform( 1, 0, 0, 0, 1, 0, 0, 0, 1, 9, 0, 9 )

[node name="SM_FridgeDouble_02_A_7" parent="Presentoires" instance=ExtResource( 5 )]
transform = Transform( -1, 0, -1.50996e-07, 0, 1, 0, 1.50996e-07, 0, -1, 10, 0, 9 )

[node name="SM_FridgeDouble_02_A_6" parent="Presentoires" instance=ExtResource( 5 )]
transform = Transform( 1, 0, 0, 0, 1, 0, 0, 0, 1, 9, 0, 11 )

[node name="SM_FridgeDouble_02_A_5" parent="Presentoires" instance=ExtResource( 5 )]
transform = Transform( -1, 0, -1.50996e-07, 0, 1, 0, 1.50996e-07, 0, -1, 10, 0, 11 )

[node name="ShoppingCart_01" parent="." instance=ExtResource( 3 )]
transform = Transform( -0.997908, 0, -0.0646371, 0, 1, 0, 0.0646371, 0, -0.997908, 6.99825, 2.38419e-07, 1.23263 )

[node name="Character" parent="." instance=ExtResource( 7 )]
transform = Transform( 1, 0, 0, 0, 1, 0, 0, 0, 1, 9.54834, 0.619488, 7.01363 )
CONTROLLED = true

[node name="Camera" type="Camera" parent="."]
transform = Transform( 1, 0, 0, 0, 0.540299, 0.841473, 0, -0.841473, 0.540299, 8.02073, 6.40524, 11.2373 )
current = true

[node name="SM_Apple_02_A_1" parent="." instance=ExtResource( 7 )]
transform = Transform( 1, 0, 0, 0, 1, 0, 0, 0, 1, 5.5, 0.5, 13.5 )

[node name="SM_Apple_02_A_2" parent="SM_Apple_02_A_1" instance=ExtResource( 8 )]
transform = Transform( -1, 0, -1.50996e-07, 0, 1, 0, 1.50996e-07, 0, -1, 1, 0, 0 )
