[gd_resource type="VisualShader" load_steps=13 format=2]

[sub_resource type="VisualShaderNodeInput" id=1]
input_name = "color"

[sub_resource type="VisualShaderNodeScalarUniform" id=2]
uniform_name = "Roughness"

[sub_resource type="VisualShaderNodeScalarUniform" id=3]
uniform_name = "Metalness"

[sub_resource type="VisualShaderNodeScalarOp" id=4]
default_input_values = [ 0, 0.0, 1, 35.0 ]
operator = 2

[sub_resource type="VisualShaderNodeScalarOp" id=5]
default_input_values = [ 0, 0.0, 1, 0.1 ]
operator = 2

[sub_resource type="VisualShaderNodeVectorInterp" id=6]

[sub_resource type="VisualShaderNodeInput" id=7]
input_name = "vertex"

[sub_resource type="VisualShaderNodeVectorOp" id=8]

[sub_resource type="VisualShaderNodeInput" id=9]
input_name = "alpha"

[sub_resource type="VisualShaderNodeVectorCompose" id=10]

[sub_resource type="VisualShaderNodeInput" id=11]
input_name = "time"

[sub_resource type="VisualShaderNodeScalarFunc" id=12]
function = 0

[resource]
code = "shader_type spatial;
render_mode specular_schlick_ggx;

uniform float Metalness;
uniform float Roughness;



void vertex() {
// Input:3
	vec3 n_out3p0 = VERTEX;

// Input:7
	float n_out7p0 = TIME;

// ScalarOp:10
	float n_in10p1 = 35.00000;
	float n_out10p0 = n_out7p0 * n_in10p1;

// ScalarFunc:8
	float n_out8p0 = sin(n_out10p0);

// ScalarOp:11
	float n_in11p1 = 0.10000;
	float n_out11p0 = n_out8p0 * n_in11p1;

// VectorCompose:6
	float n_in6p0 = 0.00000;
	float n_in6p2 = 0.00000;
	vec3 n_out6p0 = vec3(n_in6p0, n_out11p0, n_in6p2);

// VectorOp:4
	vec3 n_out4p0 = n_out3p0 + n_out6p0;

// Input:5
	float n_out5p0 = COLOR.a;

// VectorMix:2
	vec3 n_out2p0 = mix(n_out3p0, n_out4p0, vec3(n_out5p0));

// Output:0
	VERTEX = n_out2p0;

}

void fragment() {
// Input:3
	vec3 n_out3p0 = COLOR.rgb;

// ScalarUniform:5
	float n_out5p0 = Metalness;

// ScalarUniform:4
	float n_out4p0 = Roughness;

// Output:0
	ALBEDO = n_out3p0;
	METALLIC = n_out5p0;
	ROUGHNESS = n_out4p0;

}

void light() {
// Output:0

}
"
graph_offset = Vector2( 30, -21 )
nodes/vertex/0/position = Vector2( 460, 120 )
nodes/vertex/2/node = SubResource( 6 )
nodes/vertex/2/position = Vector2( 320, 120 )
nodes/vertex/3/node = SubResource( 7 )
nodes/vertex/3/position = Vector2( -140, 20 )
nodes/vertex/4/node = SubResource( 8 )
nodes/vertex/4/position = Vector2( 60, 160 )
nodes/vertex/5/node = SubResource( 9 )
nodes/vertex/5/position = Vector2( -140, -60 )
nodes/vertex/6/node = SubResource( 10 )
nodes/vertex/6/position = Vector2( -180, 140 )
nodes/vertex/7/node = SubResource( 11 )
nodes/vertex/7/position = Vector2( -820, 220 )
nodes/vertex/8/node = SubResource( 12 )
nodes/vertex/8/position = Vector2( -520, 240 )
nodes/vertex/10/node = SubResource( 4 )
nodes/vertex/10/position = Vector2( -660, 200 )
nodes/vertex/11/node = SubResource( 5 )
nodes/vertex/11/position = Vector2( -360, 100 )
nodes/vertex/connections = PoolIntArray( 3, 0, 4, 0, 3, 0, 2, 0, 5, 0, 2, 2, 2, 0, 0, 0, 4, 0, 2, 1, 7, 0, 10, 0, 10, 0, 8, 0, 8, 0, 11, 0, 11, 0, 6, 1, 6, 0, 4, 1, 3, 0, 4, 0, 3, 0, 2, 0, 5, 0, 2, 2, 2, 0, 0, 0, 4, 0, 2, 1, 7, 0, 10, 0, 10, 0, 8, 0, 8, 0, 11, 0, 11, 0, 6, 1, 6, 0, 4, 1, 3, 0, 4, 0, 3, 0, 2, 0, 5, 0, 2, 2, 2, 0, 0, 0, 4, 0, 2, 1, 7, 0, 10, 0, 10, 0, 8, 0, 8, 0, 11, 0, 11, 0, 6, 1, 6, 0, 4, 1, 3, 0, 4, 0, 3, 0, 2, 0, 5, 0, 2, 2, 2, 0, 0, 0, 4, 0, 2, 1, 7, 0, 10, 0, 10, 0, 8, 0, 8, 0, 11, 0, 11, 0, 6, 1, 6, 0, 4, 1, 3, 0, 4, 0, 3, 0, 2, 0, 5, 0, 2, 2, 2, 0, 0, 0, 4, 0, 2, 1, 7, 0, 10, 0, 10, 0, 8, 0, 8, 0, 11, 0, 11, 0, 6, 1, 6, 0, 4, 1, 3, 0, 4, 0, 3, 0, 2, 0, 5, 0, 2, 2, 2, 0, 0, 0, 4, 0, 2, 1, 7, 0, 10, 0, 10, 0, 8, 0, 8, 0, 11, 0, 11, 0, 6, 1, 6, 0, 4, 1 )
nodes/fragment/0/position = Vector2( 780, 160 )
nodes/fragment/3/node = SubResource( 1 )
nodes/fragment/3/position = Vector2( 260, 40 )
nodes/fragment/4/node = SubResource( 2 )
nodes/fragment/4/position = Vector2( 480, 360 )
nodes/fragment/5/node = SubResource( 3 )
nodes/fragment/5/position = Vector2( 500, 420 )
nodes/fragment/connections = PoolIntArray( 4, 0, 0, 3, 5, 0, 0, 2, 3, 0, 0, 0, 4, 0, 0, 3, 5, 0, 0, 2, 3, 0, 0, 0, 4, 0, 0, 3, 5, 0, 0, 2, 3, 0, 0, 0, 4, 0, 0, 3, 5, 0, 0, 2, 3, 0, 0, 0, 4, 0, 0, 3, 5, 0, 0, 2, 3, 0, 0, 0, 4, 0, 0, 3, 5, 0, 0, 2, 3, 0, 0, 0, 4, 0, 0, 3, 5, 0, 0, 2, 3, 0, 0, 0, 4, 0, 0, 3, 5, 0, 0, 2, 3, 0, 0, 0, 4, 0, 0, 3, 5, 0, 0, 2, 3, 0, 0, 0, 4, 0, 0, 3, 5, 0, 0, 2, 3, 0, 0, 0, 4, 0, 0, 3, 5, 0, 0, 2, 3, 0, 0, 0, 4, 0, 0, 3, 5, 0, 0, 2, 3, 0, 0, 0, 4, 0, 0, 3, 5, 0, 0, 2, 3, 0, 0, 0, 4, 0, 0, 3, 5, 0, 0, 2, 3, 0, 0, 0, 4, 0, 0, 3, 5, 0, 0, 2, 3, 0, 0, 0, 4, 0, 0, 3, 5, 0, 0, 2, 3, 0, 0, 0, 4, 0, 0, 3, 5, 0, 0, 2, 3, 0, 0, 0, 4, 0, 0, 3, 5, 0, 0, 2, 3, 0, 0, 0, 4, 0, 0, 3, 5, 0, 0, 2, 3, 0, 0, 0, 4, 0, 0, 3, 5, 0, 0, 2, 3, 0, 0, 0, 4, 0, 0, 3, 5, 0, 0, 2, 3, 0, 0, 0, 4, 0, 0, 3, 5, 0, 0, 2, 3, 0, 0, 0, 4, 0, 0, 3, 5, 0, 0, 2, 3, 0, 0, 0, 4, 0, 0, 3, 5, 0, 0, 2, 3, 0, 0, 0 )
